%%
% The BIThesis Template for Bachelor Graduation Thesis
%
% 北京理工大学毕业设计（论文）参考文献管理 —— 使用 XeLaTeX 编译
%
% Copyright 2020-2022 BITNP
%
% This work may be distributed and/or modified under the
% conditions of the LaTeX Project Public License, either version 1.3
% of this license or (at your option) any later version.
% The latest version of this license is in
%   http://www.latex-project.org/lppl.txt
% and version 1.3 or later is part of all distributions of LaTeX
% version 2005/12/01 or later.
%
% This work has the LPPL maintenance status `maintained'.
%
% The Current Maintainer of this work is Feng Kaiyu.
%
% Compile with: xelatex -> biber -> xelatex -> xelatex


@misc{ArtStation,
  author = {Kirill Sibiriakov},
  title = {ArtStation page https://www.artstation.com/vegaart},
  year = 2022,
  url = {https://www.artstation.com/artwork/ZGrnzN},
  urldate = {2022-08-30}
}
@article{DBLP:journals/corr/ShahDLK17,
  author    = {Shital Shah and
               Debadeepta Dey and
               Chris Lovett and
               Ashish Kapoor},
  title     = {AirSim: High-Fidelity Visual and Physical Simulation for Autonomous
               Vehicles},
  journal   = {CoRR},
  volume    = {abs/1705.05065},
  year      = {2017},
  url       = {http://arxiv.org/abs/1705.05065},
  eprinttype = {arXiv},
  eprint    = {1705.05065},
  timestamp = {Mon, 13 Aug 2018 16:46:28 +0200},
  biburl    = {https://dblp.org/rec/journals/corr/ShahDLK17.bib},
  bibsource = {dblp computer science bibliography, https://dblp.org}
}